@misc{definition,
	title="Сортировки [Электронный ресурс].",
	howpublished="--- Режим доступа: \url{https://acmp.ru/article.asp?id_text=519} (дата обращения: 6.11.2023)."
}

@misc{cpp-lang-time,
	title="C library function clock() [Электронный ресурс].",
	howpublished="--- Режим доступа: \url{https://en.cppreference.com/w/c/chrono/clock_t} (дата обращения: 26.10.2023)."
}

@inbook{bin_tree,
	author="А. Ахо, Дж. Хопкрофт, Дж. Ульман",
	title="Построение и анализ вычислительных алгоритмов",
	publisher="Мир",
	pages="533",
	language="russian",
	year=1979
}

@inbook{merge_sort,
	author="Кормен Т., Лейзерсон Ч., Ривест Р., Штайн К.",
	title="Алгоритмы: построение и анализ. ",
	publisher="--- М.: Издательский дом «Вильямс»",
	pages="1296",
	language="russian",
	year=2011
}
