@misc{conveyer,
	title="Kонвейерные вычисления [Электронный ресурс]",
	howpublished="--- Режим доступа: \url{https://helpdoma.ru/faq/cto-takoe-konveiernye-vycisleniya} (дата обращения: 30.01.2024)."
}

@misc{thread,
	title="Класс thread [Электронный ресурс].",
	howpublished="--- Режим доступа: \url{https://learn.microsoft.com/ru-ru/cpp/standard-library/thread-class} (дата обращения: 11.02.2024)."
}

@misc{queue,
	title="Класс queue [Электронный ресурс].",
	howpublished="--- Режим доступа: \url{: https://learn.microsoft.com/ru-ru/cpp/standard-library/queue-class} (дата обращения: 11.02.2024)."
}

@misc{conveyer-opr,
	title="Конвейерные вычисления: определение и особенности [Электронный ресурс]",
	howpublished="--- Режим доступа: \url{https://xn--870-iddfg5dar7d.xn--p1ai/faq/konveiernye-vycisleniya-opredelenie-i-osobennosti} (дата обращения: 11.02.2024)."
}

@misc{C++,
	title="C++ Standard  [Электронный ресурс]",
	howpublished="--- Режим доступа: \url{https://isocpp.org/} (дата обращения: 11.02.2024)."
}

@misc{windows,
	title="Windows 11 Pro [Электронный ресурс].",
	howpublished="--- Режим доступа: \url{https://www.microsoft.com/en-us/windows/business/windows-11-pro#windows11security} (дата обращения: 30.01.2024)."
}

@misc{profiling,
	title="GNU gprof -- Introducing to Profiling  [Электронный ресурс]",
	howpublished="--- Режим доступа: \url{https://ftp.gnu.org/old-gnu/Manuals/gprof-2.9.1/html\_chapter/gprof\_1.html} (дата обращения: 11.02.2024)."
}

@misc{cpp-lang-time,
	title="C library function clock() [Электронный ресурс].",
	howpublished="Режим доступа:
	\url{https://www.tutorialspoint.com/c_standard_library/c_function_clock.htm}
	(дата обращения: 11.02.2024)."
}

@misc{cpp-lang,
	title="Документация по Microsoft C++ [Электронный ресурс].",
	howpublished="Режим доступа: 
	\url{https://learn.microsoft.com/ru-ru/cpp/?view=msvc-170&viewFallbackFrom=vs-2017} 
	(дата обращения: 11.02.2024)."
}