@misc{multithreading,
	author="Justin Stoltzfus",
	title="Multithreading [Электронный ресурс]",
	publisher="--- Techopedia Janalta Interactive Inc.",
	language="russian",
	howpublished="--- Режим доступа: \url{https://www.techopedia.com/definition/24297/multithreading-computer-architecture} (дата обращения: 08.01.2024)"
}
	
@inbook{process,
	author="У. Ричард Стивенс and Стивен А. Раго",
	title="UNIX. Профессиональное программирование. 3-е издание",
	publisher="--- СПб.: Питер",
	language="russian",
	note="--- 994 c.",
	year=2018,
}

@misc{clock_t,
	title="C library function clock() [Электронный ресурс].",
	howpublished="--- Режим доступа: \url{https://en.cppreference.com/w/c/chrono/clock_t} (дата обращения: 16.01.2024)."
}

@inbook{mistakes,
	author="Большакова Е.И. and Клышинский Э.С. and Ландэ Д.В. and Носков А.А. and Пескова О.В. and Ягунова Е.В.",
	title="Автоматическая обработка текстов на естественном языке и компьютерная лингвистика",
	publisher="--- М.: МИЭМ",
	language="russian",
	note="--- 272 c.",
	year=2011,
}

@misc{mutex,
	title="C++ library mutex [Электронный ресурс].",
	howpublished="--- Режим доступа: \url{https://en.cppreference.com/w/cpp/thread/mutex} (дата обращения: 16.01.2024)."
}

@misc{windows,
	title="Windows 11 Pro [Электронный ресурс].",
	howpublished="--- Режим доступа: \url{https://www.microsoft.com/en-us/windows/business/windows-11-pro#windows11security} (дата обращения: 16.01.2024)."
}