@inbook{levenshtein,
	author="Левенштейн В. И.",
	title="Двоичные коды с исправлением выпадений, вставок и замещений символов",
	publisher="--- М.: Издательство «Наука», Доклады АН СССР",
	volume=163,
	chapter=4,
	page="845--848",
	language="russian",
	year=1965
}

@inbook{ulianov,
	author="Ульянов М. В.",
	title="Ресурсно-эффективные компьютерные алгоритмы: учебное пособие",
	publisher="--- М.: Издательство «Наука», ФИЗМАТЛИ",
	chapter=6,
	page="168 -- 185",
	language="russian",
	year=2007
}

@misc{time,
	title="C library function clock() [Электронный ресурс].",
	howpublished="--- Режим доступа: \url{https://en.cppreference.com/w/c/chrono/clock_t} (дата обращения: 30.09.2023)."
}



