@misc{search,
	title="Search [Электронный ресурс].",
	howpublished="--- Режим доступа: \url{https://prog-cpp.ru/algorithm-sort/} (дата обращения: 04.02.2024)"
}

@misc{binary_search,
	title="Бинарный поиск [Электронный ресурс].",
	howpublished="--- Режим доступа: \url{https://blog.skillfactory.ru/glossary/binarnyj-poisk/} (дата обращения: 04.02.2024)"
}

@misc{clock_t,
	title="C library function clock() [Электронный ресурс].",
	howpublished="--- Режим доступа: \url{https://en.cppreference.com/w/c/chrono/clock_t} (дата обращения: 16.01.2024)."
}

@misc{windows,
	title="Windows 11 Pro [Электронный ресурс].",
	howpublished="--- Режим доступа: \url{https://www.microsoft.com/en-us/windows/business/windows-11-pro#windows11security} (дата обращения: 16.01.2024)."
}