@misc{matrix,
	author="Белоусов И.В.",
	title="Матрицы и опредители [Электронный ресурс].",
	howpublished="--- Режим доступа: \url{https://eqworld.ipmnet.ru/ru/library/books/Belousov2006ru.pdf} (дата обращения: 22.10.2023)."
}

@misc{vinograd,
	title="Умножение матриц [Электронный ресурс].",
	howpublished="--- Режим доступа: \url{http://algolib.narod.ru/Math/Matrix.html} (дата обращения: 22.10.2023)."
}

@misc{cpp-lang-time,
	title="C library function clock() [Электронный ресурс].",
	howpublished="--- Режим доступа: \url{https://en.cppreference.com/w/c/chrono/clock_t} (дата обращения: 26.10.2023)."
}

@inbook{book_strassen,
	author="А. Ахо, Дж. Хопкрофт, Дж. Ульман",
	title="Построение и анализ вычислительных алгоритмов",
	publisher="Мир",
	pages="259-261",
	language="russian",
	year=1979
}
