@inbook{tsp-about,
	author = "Киселева А. А.",
	title = "Обзор методов решения задачи коммивояжера",
	journaltitle = "Сборник материалов XIX международной научно-методической конференции",
	publisher = "Издательство <<Научно-исследовательские публикации>> (ООО <<Вэлборн>>)",
	year = "2019"
}

@misc{tsp-solutions,
	author = "Борознов В. О.",
	title = "Исследование решения задачи коммивояжера. --- АГТУ, Вестник Астраханского государственного технического университета",
	howpublished = "Режим доступа: \url{https://cyberleninka.ru/article/n/issledovanie-resheniya-zadachi-kommivoyazhera/viewer} (дата обращения: 08.02.2024)"
}

@article{ants-alg,
	author = "Дробот~К.~С and Едемская Е. Н.",
	title = "Решение задачи коммивояжера с помощью муравьиного алгоритма",
	journaltitle = "Сборник материалов XI Международной научно-технической конференции в рамках VI Международного Научного форума Донецкой Народной Республики",
	year = "2020",
	pages = "--- 344-348"
}

@article{elite-ants-alg,
	author = {Коцюбинская~С.~А.},
	title = {Задача глобальной оптимизации. Муравьиный алгоритм},
	journaltitle = {Modern Science},
	year = {2020},
	pages = {537-540},
	edn = {VGFQQE}
}

@misc{clock_t,
	title="C library function clock() [Электронный ресурс].",
	howpublished="--- Режим доступа: \url{https://en.cppreference.com/w/c/chrono/clock_t} (дата обращения: 16.01.2024)."
}

@misc{windows,
	title="Windows 11 Pro [Электронный ресурс].",
	howpublished="--- Режим доступа: \url{https://www.microsoft.com/en-us/windows/business/windows-11-pro#windows11security} (дата обращения: 16.01.2024)."
}